<?xml version="1.0" encoding="UTF-8"?><collection xmlns="http://www.loc.gov/MARC21/slim"><record><leader>00289nam--2200109-i-4500</leader><controlfield tag="001">000006356</controlfield><controlfield tag="002">20161230</controlfield><controlfield tag="005">20161230201026</controlfield><controlfield tag="008">060222s1000------------r-----000-0-eng-d</controlfield><datafield ind1=" " ind2=" " tag="245"><subfield code="a">Collection fao</subfield></datafield><datafield ind1=" " ind2=" " tag="260"><subfield code="a">Energie Atomique. Cahier No.2</subfield></datafield><datafield ind1=" " ind2=" " tag="490"><subfield code="a">Rome, Org.Des Nu Pour L Alim.Et L Agric., 1960</subfield></datafield></record></collection>